@Article{Bates15,
  title =	 {Fitting Linear Mixed-Effects Models Using
                  \pkg{lme4}},
  author =	 {Douglas Bates and Martin M{\"a}chler and Ben Bolker
                  and Steve Walker},
  journal =	 {Journal of Statistical Software},
  year =	 2015,
  volume =	 67,
  number =	 1,
  pages =	 {1--48},
  doi =		 {10.18637/jss.v067.i01},
}

@Book{BeckerCleveland96,
  author =	 {R. A. Becker and W. S. Cleveland},
  title =	 {{\proglang{S-PLUS}} {Trellis} User's Manual},
  year =	 1996,
  publisher =	 {MathSoft, Inc.},
  address =	 {Seattle}
}

@Article{BlishenMcRoberts76,
  author =	 {Bernard R. Blishen and Hugh A. McRoberts},
  title =	 {A Revised Socioeconomic Index for Occupations in
                  {C}anada},
  journal =	 {Canadian Review of Sociology and Anthropology},
  volume =	 13,
  number =	 1,
  pages =	 {71--79},
  year =	 1976,
  doi =		 {10.1111/j.1755-618x.1976.tb00759.x},
}

@InCollection{ChambersHastie92,
  author =	 {J. M. Chambers and T. J. Hastie},
  editor =	 {J. M. Chambers and T. J. Hastie},
  year =	 1992,
  title =	 {Statistical Models},
  booktitle =	 {Statistical Models in {\proglang{S}}},
  pages =	 {13--44},
  publisher =	 {Wadsworth},
  address =	 {Pacific Grove},
}

@Manual{Christensen15,
  title =	 {\pkg{ordinal}: Regression Models for Ordinal Data},
  author =	 {R. H. B. Christensen},
  year =	 2018,
  note =	 {\proglang{R} package version 2018.8-25},
  url =		 {https://CRAN.R-project.org/package=ordinal},
}

@Book{Cleveland93,
  author =	 {W. S. Cleveland},
  title =	 {Visualizing Data},
  year =	 1993,
  publisher =	 {Hobart Press},
  address =	 {Summit},
}

@Book{Cleveland94,
  author =	 {W. S. Cleveland},
  title =	 {The Elements of Graphing Data},
  year =	 1994,
  edition =	 {Revised},
  publisher =	 {Hobart Press},
  address =	 {Summit},
}

@InCollection{ClevelandGrosseShyu92,
  author =	 {W. S. Cleveland and E. Grosse and W. M. Shyu},
  title =	 {Local Regression Models},
  booktitle =	 {Statistical Models in {\proglang{S}}},
  publisher =	 {Wadsworth \& Brooks/Cole},
  year =	 1992,
  editor =	 {J. M. Chambers and T. J. Hastie},
  chapter =	 8,
  pages =	 {201--309},
  address =	 {Pacific Grove},
}

@Article{Cook93,
  author =	 {R. Dennis Cook},
  title =	 {Exploring Partial Residual Plots},
  journal =	 {Technometrics},
  volume =	 35,
  number =	 4,
  pages =	 {351--362},
  year =	 1993,
  doi =		 {10.2307/1270269},
}

@Article{CookCroos98,
  author =	 {R. Dennis Cook and Rodney Croos-Dabrera},
  title =	 {Partial Residual Plots in Generalized Linear Models},
  journal =	 {Journal of the American Statistical Association},
  volume =	 93,
  number =	 442,
  pages =	 {730--739},
  year =	 1998,
  doi =		 {10.1080/01621459.1998.10473725},
}

@Article{CowlesDavis87,
  title =	 {The Subject Matter of Psychology: Volunteers},
  author =	 {M. Cowles and C. Davis},
  journal =	 {British Journal of Social Psychology},
  volume =	 26,
  number =	 2,
  pages =	 {97--102},
  year =	 1987,
  doi =		 {10.1111/j.2044-8309.1987.tb00769.x},
}

@Book{Fisher36,
  author =	 {R. A. Fisher},
  year =	 1936,
  title =	 {Statistical Methods for Research Workers},
  edition =	 {6th},
  publisher =	 {Oliver and Boyd},
  address =	 {Edinburgh},
}

@Article{Fox03,
  author =	 {John Fox},
  title =	 {Effect Displays in \proglang{R} for Generalised Linear
                  Models},
  journal =	 {Journal of Statistical Software},
  volume =	 8,
  number =	 15,
  pages =	 {1--27},
  year =	 2003,
  doi =		 {10.18637/jss.v008.i15},
}

@Article{effects2,
  author	= {John Fox and Jangman Hong},
  title		= {Effect Displays in \proglang{R} for Multinomial and Proportional-Odds Logit Models: Extensions to the \pkg{effects} Package},
  journal	= {Journal of Statistical Software},
  year		= {2009},
  volume	= {32},
  number	= {1},
  pages		= {1--24},
  doi		= {10.18637/jss.v032.i01}
}

@InCollection{Fox87,
  author =	 {John Fox},
  editor =	 {C. C. Clogg},
  year =	 1987,
  title =	 {Effect Displays for Generalized Linear Models},
  booktitle =	 {Sociological Methodology 1987},
  volume =	 17,
  pages =	 {347--361},
  publisher =	 {American Sociological Association},
  address =	 {Washington, {DC}},
}

@Manual{FoxEtAl16,
  title =	 {\pkg{effects}: Effect Displays for Linear,
                  Generalized Linear, and Other Models},
  author =	 {John Fox and Sanford Weisberg and Michael Friendly
                  and Jangman Hong},
  year =	 2018,
  note =	 {\proglang{R} package version 4.0-3},
  url =		 {https://CRAN.R-project.org/package=effects},
}

@Article{FoxSuschnigg89,
  author =	 {John Fox and Carole Suschnigg},
  title =	 {A Note on Gender and the Prestige of Occupations},
  journal =	 {Canadian Journal of Sociology},
  volume =	 14,
  number =	 3,
  pages =	 {353--360},
  year =	 1989,
  doi =		 {10.2307/3340609},
}

@Book{FoxWeisberg11,
  author =	 {John Fox and Sanford Weisberg},
  title =	 {An \proglang{R} Companion to Applied Regression},
  edition =	 {2nd},
  publisher =	 {Sage},
  address =	 {Thousand Oaks},
  year =	 2011,
}

@Manual{FoxWeisbergPrice17,
  title =	 {\pkg{carData}: Companion to Applied Regression Data
                  Sets},
  author =	 {John Fox and Sanford Weisberg and Brad Price},
  year =	 2018,
  note =	 {\proglang{R} package version 3.0-2},
  url =		 {https://CRAN.R-project.org/package=carData},
}

@Article{Friedman01,
  author =	 {J. H. Friedman},
  title =	 {Greedy Function Approximation: A Gradient Boosting
                  Machine},
  journal =	 {The Annals of Statistics},
  volume =	 29,
  number =	 5,
  pages =	 {1189--1232},
  year =	 2001,
  doi =		 {10.1214/aos/1013203451},
}

@InProceedings{LandwehrPregibonShoemaker80,
  author =	 {J. M. Landwehr and D. Pregibon and A. C. Shoemaker},
  year =	 1980,
  title =	 {Some Graphical Procedures for Studying a Logistic
                  Regression Fit},
  booktitle =	 {Proceedings of the Business and Economics Statistics
                  Section, American Statistical Association},
  pages =	 {15--20},
}

@Manual{lenth18,
    title = {\pkg{emmeans}: Estimated Marginal Means, aka Least-Squares Means},
    author = {Russell V. Lenth},
    year = {2018},
    note = {{R} package version 1.3.0},
    url = {https://CRAN.R-project.org/package=emmeans},
  }

@Article{Lenth16,
  title =	 {Least-Squares Means: The \proglang{R} Package \pkg{lsmeans}},
  author =	 {Russell V. Lenth},
  journal =	 {Journal of Statistical Software},
  year =	 2016,
  volume =	 69,
  number =	 1,
  pages =	 {1--33},
  doi =		 {10.18637/jss.v069.i01},
}

@Manual{LenthHerve15,
  title =	 {\pkg{lsmeans}: Least-Squares Means},
  author =	 {Russell V. Lenth},
  year =	 2018,
  note =	 {\proglang{R} package version 2.27-62},
  url =		 {https://CRAN.R-project.org/package=lsmeans},
}

@Article{Linzer11,
  title =	 {\pkg{poLCA}: An \proglang{R} Package for Polytomous Variable
                  Latent Class Analysis},
  author =	 {Drew A. Linzer and Jeffrey B. Lewis},
  journal =	 {Journal of Statistical Software},
  year =	 2011,
  volume =	 42,
  number =	 10,
  pages =	 {1--29},
  doi =		 {10.18637/jss.v042.i10},
}

@Article{Lumley04,
  year =	 2004,
  author =	 {Thomas Lumley},
  title =	 {Analysis of Complex Survey Samples},
  journal =	 {Journal of Statistical Software},
  volume =	 9,
  number =	 8,
  pages =	 {1--19},
  doi =		 {10.18637/jss.v009.i08},
}

@Article{Nelder77,
  title =	 {A Reformulation of Linear Models},
  author =	 {J. A. Nelder},
  journal =	 {Journal of the Royal Statistical Society A},
  volume =	 140,
  number =	 1,
  year =	 1977,
  pages =	 {48--77},
  doi =		 {10.2307/2344517},
}

@Book{Pearson07,
  author =	 {Karl Pearson},
  title =	 {Mathematical Contributions to the Theory of
                  Evolution.---{XVI}.~On Further Methods of
                  Determining Correlation},
  series =	 {Drapers' Company Research Memoirs. Biometric
                  Series. {IV}.},
  publisher =	 {Cambridge University Press},
  address =	 {London},
  year =	 1907,
}

@Article{PineoPorter67,
  title =	 {Occupational Prestige in {Canada}},
  author =	 {P. C. Pineo and J. Porter},
  journal =	 {Canadian Review of Sociology and Anthropology},
  volume =	 4,
  number =	 1,
  pages =	 {24--40},
  year =	 1967,
  doi =		 {10.1111/j.1755-618x.1967.tb00472.x},
}

@Manual{Pinheiro16,
  title =	 {\pkg{nlme}: Linear and Nonlinear Mixed Effects
                  Models},
  author =	 {Jose Pinheiro and Douglas Bates and Saikat DebRoy
                  and Deepayan Sarkar and {\proglang{R} Core Team}},
  year =	 2018,
  note =	 {\proglang{R} package version 3.1-137},
  url =		 {https://CRAN.R-project.org/package=nlme},
}

@Book{Sarkar08,
  author =	 {D. Sarkar},
  title =	 {\pkg{lattice}: Multivariate Data Visualization with
                  {\proglang{R}}},
  year =	 2008,
  publisher =	 {Springer-Verlag},
  address =	 {New York},
}

@Misc{Schumann15,
  author =	 {E. Schumann},
  title =	 {Generating Correlated Uniform Variates},
  note =         {Accessed: 2015-05-21},
  url =		 {http://comisef.wikidot.com/tutorial:correlateduniformvariates},
  year =	 2009,
}

@Misc{Stata15,
  author =	 {{StataCorp.}},
  title =	 {Margins},
  note =	 {Accessed: 2015-04-09},
  url =		 {http://www.stata.com/manuals13/rmargins.pdf},
  year =	 2015,
}

@Book{Tukey77,
  author =	 {J. W. Tukey},
  title =	 {Exploratory Data Analysis},
  publisher =	 {Addison-Wesley},
  address =	 {Reading},
  year =	 1977,
}

@Book{VenablesRipley02,
  title =	 {Modern Applied Statistics with \proglang{S}},
  author =	 {W. N. Venables and B. D. Ripley},
  publisher =	 {Springer-Verlag},
  edition =	 {4th},
  address =	 {New York},
  year =	 2002,
  doi =		 {10.1007/978-0-387-21706-2},
}

@Article{WilkinsonRogers73,
  title =	 {Symbolic Description of Factorial Models for
                  Analysis of Variance},
  author =	 {G. N. Wilkinson and C. E. Rogers},
  journal =	 {Journal of the Royal Statistical Society C},
  year =	 1973,
  volume =	 22,
  number =	 3,
  pages =	 {392--399},
  doi =		 {10.2307/2346786},
}

@Book{Wood17,
  title =	 {Generalized Additive Models: An Introduction with \proglang{R}},
  year =	 2017,
  edition =	 {2nd},
  author =	 {S. N. Wood},
  publisher =	 {Chapman \& Hall/CRC},
}

@Article{becker96,
  title =	 {The Visual Design and Control of Trellis Display},
  author =	 {Richard A Becker and William S Cleveland and
                  Ming-Jen Shyu},
  journal =	 {Journal of Computational and Graphical Statistics},
  volume =	 5,
  number =	 2,
  pages =	 {123--155},
  year =	 1996,
  publisher =	 {Taylor \& Francis},
  doi =		 {10.2307/1390777},
}

@Manual{gam,
  title =	 {\pkg{gam}: Generalized Additive Models},
  author =	 {Trevor Hastie},
  year =	 2018,
  note =	 {\proglang{R} package version 1.16},
  url =		 {https://CRAN.R-project.org/package=gam},
}

@Article{ice15,
  title =	 {Peeking Inside the Black Box: Visualizing
                  Statistical Learning with Plots of Individual
                  Conditional Expectation},
  author =	 {Alex Goldstein and Adam Kapelner and Justin Bleich
                  and Emil Pitkin},
  journal =	 {Journal of Computational and Graphical Statistics},
  volume =	 24,
  number =	 1,
  pages =	 {44--65},
  doi =		 {10.1080/10618600.2014.907095},
  year =	 2015,
}

@Manual{sas12,
  author =	 {{\proglang{SAS} Institute Inc.}},
  year =	 2012,
  title =	 {\texttt{LSMEANS} Statement, \proglang{SAS/STAT}~9.3
                  User's Guide},
  url =
                  {http://support.sas.com/documentation/cdl/en/statug/63962/HTML/default/viewer.htm#statug_introcom_a0000003362.htm},
}

@Manual{visreg,
  title =	 {\pkg{visreg}: Visualization of Regression Models},
  author =	 {Patrick Breheny and Woodrow Burchett},
  year =	 2018,
  note =	 {\proglang{R} package version 2.5-0},
  url =		 {https://CRAN.R-project.org/package=visreg},
}
