@Misc{Schumann15,
  Author = {E. Schumann},
  Title  = {\emph{Generating Correlated Uniform Variates}},
  Note   = {\url{http://comisef.wikidot.com/ tutorial:correlateduniformvariates}
           [Accessed: 2015-05-21]},
  year = 2009
}

@book{Pearson07,
    Author={Karl Pearson},
    Title={Mathematical Contributions to the Theory of Evolution.---XVI. On Further Methods of Determining Correlation},
    Series={Drapers' Company Research Memoirs. Biometric Series. IV.},
    Publisher={Cambridge University Press},
    Address={London},
    year=1907
}

@article{FoxWeisberg18,
    title = {Visualizing Fit and Lack of Fit in Complex Regression Models with Predictor Effect Plots and Partial Residuals},
    author = {John Fox and Sanford Weisberg},
    journal = {Journal of Statistical Software},
    year = {2018},
    volume = {87},
    number = {9},
    pages = {1--27},
    doi = {10.18637/jss.v087.i09},
}
